@article{CARLSTRÖM_2004, title={Wheels – on division by zero}, volume={14}, DOI={10.1017/S0960129503004110}, number={1}, journal={Mathematical Structures in Computer Science}, author={CARLSTRÖM, JESPER}, year={2004}, pages={143–184}} 